<?xml version="1.0" encoding="UTF-8"?><collection><record><leader>06820ntm a2200589 a 4500</leader><controlfield tag="001">006806209</controlfield><controlfield tag="003">MiAaHDL</controlfield><controlfield tag="005">20190719000000.0</controlfield><controlfield tag="006">m        d        </controlfield><controlfield tag="007">cr bn ---auaua</controlfield><controlfield tag="008">090602m158u17uuxx            00| ||ara d</controlfield><datafield tag="035" ind1=" " ind2=" "><subfield code="a">(MiU)006806209</subfield></datafield><datafield tag="035" ind1=" " ind2=" "><subfield code="a">sdr-miu006806209</subfield></datafield><datafield tag="040" ind1=" " ind2=" "><subfield code="a">MiU</subfield><subfield code="c">MiU</subfield><subfield code="e">amremm</subfield></datafield><datafield tag="043" ind1=" " ind2=" "><subfield code="a">n-us-mi</subfield></datafield><datafield tag="100" ind1="1" ind2=" "><subfield code="6">880-01</subfield><subfield code="a">Shaykhʹzādah, Muḥammad ibn Muṣṭafá,</subfield><subfield code="d">-1544 or 1545.</subfield></datafield><datafield tag="240" ind1="1" ind2="0"><subfield code="6">880-02</subfield><subfield code="a">Ḥāshiyat Shaykhʻzādah ʻalá al-Bayḍāwī.</subfield><subfield code="n">Jild 7</subfield></datafield><datafield tag="245" ind1="1" ind2="3"><subfield code="6">880-03</subfield><subfield code="a">[al-Jild al-sābiʻ min Ḥāshiyat Shaykhʻzādah ʻalá al-Bayḍāwī,</subfield><subfield code="f">late 16th and 18th century?].</subfield></datafield><datafield tag="246" ind1="3" ind2=" "><subfield code="i">Title from inscription on 'title page' (p.3):</subfield><subfield code="a">شيخ زاده</subfield></datafield><datafield tag="246" ind1="3" ind2=" "><subfield code="i">Title from inscription on front flyleaf (p.1):</subfield><subfield code="a">جزء السابع</subfield></datafield><datafield tag="246" ind1="3" ind2=" "><subfield code="i">Title from inscription on upper board lining:</subfield><subfield code="a">حاشية شيخزاده</subfield></datafield><datafield tag="246" ind1="3" ind2=" "><subfield code="i">Edge title (tail):</subfield><subfield code="a">الجلد السابع من شيخ زاده</subfield></datafield><datafield tag="260" ind1=" " ind2=" "><subfield code="c">[1580-1599 and 17--?].</subfield></datafield><datafield tag="300" ind1=" " ind2=" "><subfield code="a">379 leaves :</subfield><subfield code="b">paper ;</subfield><subfield code="c">210 x 165 (155-157 x 79-91) mm.</subfield></datafield><datafield tag="500" ind1=" " ind2=" "><subfield code="a">Shelfmark: Ann Arbor, University of Michigan, Special Collections Library, Isl. Ms. 463 v.7</subfield></datafield><datafield tag="500" ind1=" " ind2=" "><subfield code="a">Origin: Lacks dated colophon ; paper, etc. would suggest late 16th century ; many replacements likely 18th century.</subfield></datafield><datafield tag="500" ind1=" " ind2=" "><subfield code="a">Accompanying materials: Scrap carrying "VII" in red pencil paginated pp.179-180.</subfield></datafield><datafield tag="500" ind1=" " ind2=" "><subfield code="a">Former shelfmark: From inner front cover and spine label (see cloth once covering spine tucked inside upper cover), "IL 91 VII" (likely supplied by Yahuda, see acquisitions slip in Isl. Ms. 463 v.2).</subfield></datafield><datafield tag="500" ind1=" " ind2=" "><subfield code="a">Binding: Pasteboards covered in dark brown leather with spine in tan leather, later covered in green-blue paper-backed cloth (retained on upper cover and flap, cloth once covering spine tucked inside upper cover) ; Type II binding (with flap) ; board linings in dull yellow paper ; upper (now covered by cloth) and lower covers carry blind-stamped mandorla (filled with vegetal composition, compare Déroche class. OSd 8) and border in tooled rules with rosette stamp accents ; sewnin dark pink thread, two stations ; worked chevron endbands in cream and dull pink, fairly good condition ; overall in poor condition with lifting and losses of cloth and leather, abrasion, staining, etc.</subfield></datafield><datafield tag="500" ind1=" " ind2=" "><subfield code="a">Support: European laid paper of two main types ; opening (and closing, from p.667) type with 8 laid lines per cm. (vertical), chain lines spaced 30 mm. apart (horizontal), and bull's head watermark (see p.8, 14, etc.), sturdy and very well burnished to glossy ; second main type (from p.443, etc.) with 8 laid lines per cm. (vertical), chain lines spaced 27-28 mm. apart (horizontal), and anchor in circle with leaf above watermark (see p.458, 459, etc.) ; replacements in several other types including type with 12 laid lines per cm. (vertical), chain lines spaced 22 mm. apart (horizontal), and crown above grapes (raisin) watermark, beige to light-brown in color (see pp.461-496).</subfield></datafield><datafield tag="500" ind1=" " ind2=" "><subfield code="a">Decoration: Section headings and some abbreviation symbols (mainly two-teeth stroke marking keywords) rubricated ; overlining in red ; written area of incipit and facing page surrounded by gold frame, elsewhere (through p.442 and again from p.667) written area surrounded by red rule-border.</subfield></datafield><datafield tag="500" ind1=" " ind2=" "><subfield code="a">Script: Naskh with some influence of nastaʻlīq ; two main clear Turkish hands (central replacements in several other hands) ; opening and closing hand virtually serifless with slight effect of tilt to left and of words descending to baseline (occasionally more exaggerated), closed and open counters, rounded but with a mix of curvilinear and rectilinear descenders, pointing (of two and three dots) in strokes rather than distinct dots ; next main hand (see p.443, 529, etc.) a clear, bold naskh, mainly serifless with marked effect of inclination to the left, curvilinear descenders, pointing in distinct dots, adhering to baseline, point of fina l nūn set above or assimilated with bowl.</subfield></datafield><datafield tag="500" ind1=" " ind2=" "><subfield code="a">Layout: Written in 27 and 23 lines per page ; frame-ruled.</subfield></datafield><datafield tag="500" ind1=" " ind2=" "><subfield code="a">Collation: i, 11 V(110), 4 (114), V (124), I+1 (127), II (131), 9 V(221), 7 (228), I (230), 4 (234), V (244), 4 (248), V (258), 6 (264), 6 V(324), V-1 (333), 4 V(373), II+2 (379) ; chiefly quinions ; catchwords present ; pagination in pencil, Western numerals, supplied during digitization (includes insert and skips two pages between pp.235-236).</subfield></datafield><datafield tag="500" ind1=" " ind2=" "><subfield code="a">Explicit: "سبحان ربك رب العزة عما يصفون وسلام على المرسلين والحمد لله رب العالمين تمت الحواشي المعلقة كل مغلقات انوار التنزيل واسرار التأويل الذي صنفه الامام العلامة ... عبد الله بن ابي القاسم علي بن عمر البيضاوي تغمده الله تعالى برحمته ورضوانه واسكنه اعلى جنانه تم"</subfield></datafield><datafield tag="500" ind1=" " ind2=" "><subfield code="a">Incipit: "سورة ق مكية بسم الله الرحمن الرحيم الحمد لله المنعم المنان والصلوة والسلام على سيد من ارسل لهدايته نوع الانسان ... قوله الكلام فيه كما قر في ص والقرآن ..."</subfield></datafield><datafield tag="500" ind1=" " ind2=" "><subfield code="a">Title supplied by cataloguer.</subfield></datafield><datafield tag="500" ind1=" " ind2=" "><subfield code="a">Ms. composite codex.</subfield></datafield><datafield tag="510" ind1="4" ind2=" "><subfield code="a">Ḥājjī Khalīfah. Kashf al-ẓunūn,</subfield><subfield code="c">I 473-4</subfield></datafield><datafield tag="510" ind1="4" ind2=" "><subfield code="a">Brockelmann, C. GAL</subfield><subfield code="c">I 417 ; S I 739 ; S II 650</subfield></datafield><datafield tag="520" ind1="8" ind2=" "><subfield code="a">Careful copy of the last of seven volumes (v.1 and v.4 now lacking) of the commentary by Shaykhʻzādah Muḥammad ibn Muṣṭafá al-Qūjawī (d.1544 or 5) upon al-Bayḍāwī's commentary on the Qurʼān, Anwār al-tanzīl wa-asrār al-taʼwīl, covering Sūrat Qāf (50) through Sūrat al-Nās (114). Contents listing on 'title page' (p.3).</subfield></datafield><datafield tag="538" ind1=" " ind2=" "><subfield code="a">Mode of access: Internet.</subfield></datafield><datafield tag="541" ind1=" " ind2=" "><subfield code="a">Acquired in 1926 from the bookseller Isaac Benjamin S.E. Yahuda via purchase transacted on his behalf by Abraham Shalom Yahuda (1877-1951), his younger brother.</subfield></datafield><datafield tag="546" ind1=" " ind2=" "><subfield code="a">Arabic.</subfield></datafield><datafield tag="561" ind1=" " ind2=" "><subfield code="a">Glosses and marginal corrections.</subfield></datafield><datafield tag="600" ind1="1" ind2="0"><subfield code="a">Bayḍāwī, ʻAbd Allāh ibn ʻUmar,</subfield><subfield code="d">-1286?</subfield><subfield code="t">Anwār al-tanzīl wa-asrār al-taʼwīl.</subfield></datafield><datafield tag="630" ind1="0" ind2="0"><subfield code="a">Qurʼan</subfield><subfield code="x">Commentaries</subfield><subfield code="v">Early works to 1800.</subfield></datafield><datafield tag="650" ind1=" " ind2="0"><subfield code="a">Manuscripts, Arabic</subfield><subfield code="z">Michigan</subfield><subfield code="z">Ann Arbor.</subfield></datafield><datafield tag="773" ind1="0" ind2=" "><subfield code="a">Yahuda Collection.</subfield></datafield><datafield tag="880" ind1="1" ind2="2"><subfield code="6">245-03/</subfield><subfield code="a">[الجلد السابع من حاشية شيخ زاده على البيضاوي,</subfield><subfield code="f">اواخر القرن 16م والقرن 18م؟].</subfield></datafield><datafield tag="880" ind1="1" ind2="0"><subfield code="6">240-02/</subfield><subfield code="a">حاشية شيخ زاده على البيضاوي.</subfield><subfield code="n">جلد 7</subfield></datafield><datafield tag="880" ind1="1" ind2=" "><subfield code="6">100-01/</subfield><subfield code="a">شيخ زاده، محمد بن مصطفى القوجاوي.</subfield></datafield><datafield tag="CID" ind1=" " ind2=" "><subfield code="a">006806209</subfield></datafield><datafield tag="DAT" ind1="0" ind2=" "><subfield code="a">20190719102637.0</subfield><subfield code="b">20190719000000.0</subfield></datafield><datafield tag="DAT" ind1="1" ind2=" "><subfield code="a">20190719090653.0</subfield><subfield code="b">2019-07-19T16:11:38Z</subfield></datafield><datafield tag="DAT" ind1="2" ind2=" "><subfield code="a">2015-10-02T18:00:03Z</subfield></datafield><datafield tag="CAT" ind1=" " ind2=" "><subfield code="a">SDR-MIU</subfield><subfield code="d">EX LIBRIS - ALEPH</subfield><subfield code="l">prepare.pl-004-008</subfield></datafield><datafield tag="FMT" ind1=" " ind2=" "><subfield code="a">BK</subfield></datafield><datafield tag="HOL" ind1=" " ind2=" "><subfield code="0">sdr-miu006806209</subfield><subfield code="a">MiU</subfield><subfield code="b">SDR</subfield><subfield code="c">MIU</subfield><subfield code="p">mdp.39015079127695</subfield><subfield code="s">MIU</subfield><subfield code="1">006806209</subfield></datafield><datafield tag="974" ind1=" " ind2=" "><subfield code="b">MIU</subfield><subfield code="c">MIU</subfield><subfield code="d">20190719</subfield><subfield code="s">lit-dlps-dc</subfield><subfield code="u">mdp.39015079127695</subfield><subfield code="y">1799</subfield><subfield code="r">pd</subfield><subfield code="q">bib</subfield><subfield code="t">non-US bib date2, date type m &lt; 1879</subfield></datafield></record></collection>